
@Article{aumond2017,
  author =       "P. Aumond and A. Can and B. De Coensel and D. Botteldooren and C. Ribeiro and C. Lavandier",
  title =        "Modeling soundscape pleasantness using perceptive assessments and acoustic measurements along paths in urban context",
  journal = 	 "Acta Acust. unit. Acust.",
  year = 	 "2017",
  volume = 	 "103",
  pages = 	 "430-443",
  month = 	 ""
}

@InProceedings{gloaguen2017,
  author = 	 "J.R. Gloaguen and A. Can and M. Lagrange and J.F. Petiot",
  TITLE   =      "Creation of a corpus of realistic urban sound scenes with controlled acoustic properties",
  booktitle =    "Proceedings of Meetings on Acoustics",
  year = 	 "2017",
  volume = 	 "",
  pages = 	 ""
}

@Article{axelsson2010,
  author =       "O. Axelsson and M.E. Nilsson and B. Berglund",
  title =        "A principal components model of soundscape perception",
  journal = 	 "J. Ac. Soc. Am.",
  year = 	 "2010",
  volume = 	 "128",
  pages = 	 "2836",
  month = 	 ""
}